@book{hartle2021gravity,
  title={Gravity: an introduction to Einstein's general relativity},
  author={Hartle, James B},
  year={2021},
  publisher={Cambridge University Press}
}
@book{shapiro2008black,
  title={Black holes, white dwarfs, and neutron stars: The physics of compact objects},
  author={Shapiro, Stuart L and Teukolsky, Saul A},
  year={2008},
  publisher={John Wiley \& Sons}
}
@misc{ enwiki:1242536958,
    author = "{Wikipedia contributors}",
    title = "Schwarzschild geodesics --- {Wikipedia}{,} The Free Encyclopedia",
    year = "2024",
    url = "https://en.wikipedia.org/w/index.php?title=Schwarzschild_geodesics&oldid=1242536958",
    section = "Precession of orbits"
}
